@misc{ouroboros-classic,
    author = {Aggelos Kiayias and Alexander Russell and Bernardo David and Roman Oliynykov},
    title = {Ouroboros: A Provably Secure Proof-of-Stake Blockchain Protocol},
    howpublished = {Cryptology ePrint Archive, Report 2016/889},
    year = {2016},
    note = {\url{http://eprint.iacr.org/2016/889}},
}

@misc{ouroboros-genesis,
    author = {Christian Badertscher and Peter Ga\v{z}i and Aggelos Kiayias and Alexander Russell and Vassilis Zikas},
    title  = {Composable Proof-of-Stake Blockchains with Dynamic Availability},
    year   = {2018}
}

